@misc{EnergyLab-Wettermessstation,
  author = "EnergyLab",
  title = "Die Wettermessstation",
  year = 2021,
  url = "
         http://web.archive.org/web/20230131205938/https://www.zdi-gelsenkirchen.de/fileadmin/user_upload/Dateien/Bilder/zdi-Kurse/AGs/Projektkurs_EGG_2020-21/AufgabeO-7_Wettermessstation.pdf
         ",
}

@misc{sd-overview,
  author = "SD~Association",
  title = "SD Standard Overview",
  url = "https://www.sdcard.org/developers/sd-standard-overview/",
  note = "[ENG]",
}

@misc{sd-proprietary,
  author = "SD~Association",
  title = "How to Start Using SD Standards in Your Product",
  url = "
         https://www.sdcard.org/developers/how-to-start-using-sd-standards-in-your-product/
         ",
  note = "[ENG]",
}

@misc{sd-spec_physical-layer,
  author = "SD~Association",
  title = "Physical Layer Specification",
  url = "https://www.sdcard.org/downloads/pls/",
  note = "[ENG, partially closed access]",
}

@misc{sd-lifespan,
  author = "SD~Association",
  title = "Consumer FAQ",
  url = "https://www.sdcard.org/consumers/faq/#servicelife",
  note = "[ENG]",
  year = "2023",
}

@misc{sd-lib,
  author = "Arduino",
  title = "SD Library",
  url = "https://www.arduino.cc/reference/en/libraries/sd/",
  note = "[ENG]",
}

@inproceedings{zhang2017flash,
  title = {Flash drive lifespan *is* a problem},
  author = {Zhang, Tao and Zuck, Aviad and Porter, Donald E and Tsafrir, Dan},
  booktitle = {Proceedings of the 16th Workshop on Hot Topics in Operating
               Systems},
  pages = {42--49},
  year = {2017},
  doi = {10.1145/3102980.3102988},
  note = {[ENG]},
}

@article{chervenak-backup,
  title = {Protecting File Systems: A Survey of Backup Techniques},
  author = {Chervenak, Ann L and Vellanki, Vivekanand and Kurmas, Zachary},
  journal = {-},
  year = {1998},
  url = {
         https://www.researchgate.net/publication/2431989_Protecting_File_Systems_A_Survey_of_Backup_Techniques
         },
  note = {[ENG]},
}

@misc{rfc4180,
  series = {Request for Comments},
  number = 4180,
  howpublished = {RFC 4180},
  doi = {10.17487/RFC4180},
  author = {Yakov Shafranovich},
  title = {{Common Format and MIME Type for Comma-Separated Values (CSV) Files}},
  pagetotal = 8,
  year = 2005,
  month = oct,
  abstract = {This RFC documents the format used for Comma-Separated Values
              (CSV) files and registers the associated MIME type "text/csv". This
              memo provides information for the Internet community.},
  note = {[ENG]},
}
